@Misc{poweroutage,
    Author                  = {Dcresponse},
    Title                   = {Power outage costs and impacts to businesses},
    HowPublished            = {\url{https://www.dcresponse.co.uk/power-outage-cost-and-impact-to-your-business/}},
    Note                    = {(Visited November 2019)}
}

@Misc{VoIP,
    Author                  = {voip-info.org},
    Title                   = {What is VOIP},
    HowPublished            = {\url{https://www.voip-info.org/what-is-voip/}},
    Note                    = {(Visited October 2019)}
}

@Misc{VLAN,
    Author                  = {Cisco},
    Title                   = {Chapter: Understanding and Configuring VLANs},
    HowPublished            = {\url{https://www.cisco.com/c/en/us/td/docs/switches/lan/catalyst4500/12-2/25ew/configuration/guide/conf/vlans.html}},
    Note                    = {(Visited October 2019)}
}

@Misc{VTP,
    Author                  = {Cisco},
    Title                   = {Understanding VLAN Trunk Protocol (VTP)},
    HowPublished            = {\url{https://www.cisco.com/c/en/us/support/docs/lan-switching/vtp/10558-21.html}},
    Note                    = {(Visited October 2019)}
}

@Misc{EIGRP,
    Author                  = {Cisco},
    Title                   = {Enhanced Interior Gateway Routing Protocol},
    HowPublished            = {\url{https://www.cisco.com/c/en/us/support/docs/ip/enhanced-interior-gateway-routing-protocol-eigrp/16406-eigrp-toc.html}},
    Note                    = {(Visited November 2019)}
}

@Misc{EtherChannel,
    Author                  = {Cisco},
    Title                   = {Understanding EtherChannel Load Balancing and Redundancy on Catalyst Switches},
    HowPublished            = {\url{https://www.cisco.com/c/en/us/support/docs/lan-switching/etherchannel/12023-4.html}},
    Note                    = {(Visited November 2019)}
}

@Misc{VoIP-QoS,
    Author                  = {Cisco},
    Title                   = {Quality Of Service for Voice over IP},
    HowPublished            = {\url{https://www.cisco.com/c/en/us/td/docs/ios/solutions_docs/qos_solutions/QoSVoIP/QoSVoIP.html}},
    Note                    = {(Visisted November 2019)}
}

@book{CCNP-ROUTE,
    author    = "D. Teare, B. Vachon, R. Graziani",
    title     = "Implementing Cisco IP Routing (ROUTE)",
    year      = "2016",
    publisher = "Cisco Press"
}

@Misc{TACACS+,
    Author                  = {TACACS.net},
    Title                   = {The Advantages of TACACS+ for Administrator Authentication},
    HowPublished            = {\url{https://www.tacacs.net/wp-content/uploads/2019/08/TACACS_Advantages.pdf}},
    Note                    = {(Visisted November 2019)}
}

@Misc{ICMP,
    Author                  = {ionos.com},
    Title                   = {What is the ICMP (Internet Control Message Protocol)},
    HowPublished            = {\url{https://www.ionos.com/digitalguide/server/know-how/what-is-icmp-protocol-and-how-does-it-work/}},
    Note                    = {(Visited November 2019)}
}



% ---------- TEMPLATE ----------
@Misc{,
    Author                  = {},
    Title                   = {},
    HowPublished            = {},
    Note                    = {}
}

% ---------- EXAMPLE ----------
@Misc{cyber_range,
    Author                  = {National Institute of Standards and Technology},
    Title                   = {Cyber Ranges},
    HowPublished            = {\url{https://www.nist.gov/sites/default/files/documents/2018/02/13/cyber_ranges.pdf}},
    Note                    = {(Visited May 2019)}
}

